<?xml version="1.0" encoding="UTF-8"?>
<SOAP-ENV:Envelope xmlns:SOAP-ENV="http://schemas.xmlsoap.org/soap/envelope/" xmlns:of="http://oss.dbc.dk/ns/openformat" xmlns:ofo="http://oss.dbc.dk/ns/openformatoutput"><SOAP-ENV:Body><of:formatResponse><marcx:collection xmlns:marcx="info:lc/xmlns/marcxchange-v1"><marcx:record format="danMARC2" type="Bibliographic"><marcx:leader>00000n    2200000   4500</marcx:leader><marcx:datafield ind1="0" ind2="0" tag="001"><marcx:subfield code="a">EDZ0000134749</marcx:subfield><marcx:subfield code="b">WorldCat</marcx:subfield><marcx:subfield code="c">20140508113009</marcx:subfield><marcx:subfield code="d">20100105</marcx:subfield><marcx:subfield code="f">a</marcx:subfield></marcx:datafield><marcx:datafield ind1="0" ind2="0" tag="004"><marcx:subfield code="r">n</marcx:subfield><marcx:subfield code="a">e</marcx:subfield></marcx:datafield><marcx:datafield ind1="0" ind2="0" tag="008"><marcx:subfield code="t">p</marcx:subfield><marcx:subfield code="a">2000</marcx:subfield><marcx:subfield code="b">us</marcx:subfield><marcx:subfield code="i">a</marcx:subfield><marcx:subfield code="m">1</marcx:subfield><marcx:subfield code="l">eng</marcx:subfield><marcx:subfield code="v">0</marcx:subfield></marcx:datafield><marcx:datafield ind1="0" ind2="0" tag="009"><marcx:subfield code="a">a</marcx:subfield><marcx:subfield code="g">xe</marcx:subfield><marcx:subfield code="b">t</marcx:subfield></marcx:datafield><marcx:datafield ind1="0" ind2="0" tag="021"><marcx:subfield code="e">9780199891191</marcx:subfield><marcx:subfield code="b">online resource</marcx:subfield></marcx:datafield><marcx:datafield ind1="0" ind2="0" tag="050"><marcx:subfield code="a">BL2400</marcx:subfield></marcx:datafield><marcx:datafield ind1="0" ind2="0" tag="082"><marcx:subfield code="a">299.611303</marcx:subfield><marcx:subfield code="c">22</marcx:subfield></marcx:datafield><marcx:datafield ind1="0" ind2="0" tag="100"><marcx:subfield code="a">Scheub</marcx:subfield><marcx:subfield code="h">Harold</marcx:subfield></marcx:datafield><marcx:datafield ind1="0" ind2="0" tag="245"><marcx:subfield code="a">A dictionary of African mythology</marcx:subfield><marcx:subfield code="m">electronic resource</marcx:subfield><marcx:subfield code="e">Harold Scheub</marcx:subfield></marcx:datafield><marcx:datafield ind1="0" ind2="0" tag="260"><marcx:subfield code="a">[New York]</marcx:subfield><marcx:subfield code="b">Oxford University Press</marcx:subfield><marcx:subfield code="c">2000-</marcx:subfield></marcx:datafield><marcx:datafield ind1="0" ind2="0" tag="300"><marcx:subfield code="a">1 online resource.</marcx:subfield></marcx:datafield><marcx:datafield ind1="0" ind2="0" tag="504"><marcx:subfield code="a">Summary: This collection of fascinating, mysterious, and revealing tales captures the immense sweep and diversity of African mythology. The stories touch on virtually every aspect of belief: gods and goddesses, epic heroes and divine tricksters, along with epics of the world's origins, the struggle between the human and the divine, and much more</marcx:subfield></marcx:datafield><marcx:datafield ind1="0" ind2="0" tag="523"><marcx:subfield code="a">Also issued in print format</marcx:subfield></marcx:datafield><marcx:datafield ind1="0" ind2="0" tag="559"><marcx:subfield code="a">"Oxford Reference Online Premium."</marcx:subfield></marcx:datafield><marcx:datafield ind1="0" ind2="0" tag="559"><marcx:subfield code="a">Title from home page (viewed on Dec. 21, 2009)</marcx:subfield></marcx:datafield><marcx:datafield ind1="0" ind2="0" tag="650"><marcx:subfield code="a">Mythology, African</marcx:subfield><marcx:subfield code="v">Dictionaries</marcx:subfield><marcx:subfield code="2">2</marcx:subfield></marcx:datafield><marcx:datafield ind1="0" ind2="0" tag="740"><marcx:subfield code="a">Oxford reference online premium</marcx:subfield></marcx:datafield><marcx:datafield ind1="0" ind2="0" tag="856"><marcx:subfield code="u">http://www.oxfordreference.com/view/10.1093/acref/9780195124569.001.0001/acref-9780195124569</marcx:subfield><marcx:subfield code="z"/></marcx:datafield><marcx:datafield ind1="0" ind2="0" tag="526"><marcx:subfield code="i">Print version</marcx:subfield><marcx:subfield code="r">9780195124569</marcx:subfield></marcx:datafield></marcx:record></marcx:collection></of:formatResponse></SOAP-ENV:Body></SOAP-ENV:Envelope>
